@misc{probabilidad,
  title = {Apuntes de probabilidad},
  author = {Tu Nombre},
  year = {2025},
  note = {Material de clase}
}
