@book{gilExperimentosFisicaUsando2014,
  title = {{Experimentos de f{\'i}sica usando las tic y elementos de bajo costo}},
  author = {Gil, Salvador},
  year = {2014},
  edition = {1},
  publisher = {Alpha Editorial},
  isbn = {978-987-1609-77-2},
  langid = {spanish},
  file = {/home/harkor/Zotero/storage/84FAA4WY/Gil - 2016 - De bajo costo usando TIC´s.pdf}
}
@article{leeInkDifussionWater2004,
  title = {Ink {{Difussion}} in {{Water}}},
  author = {Lee, Sanboh and Lee, H-Y and Lee, I-F and Tseng, C-Y},
  year = {2004},
  month = feb,
  journal = {ResearchGate},
  volume = {25},
  pages = {331},
  doi = {10.1088/0143-0807/25/2/020},
  urldate = {2025-04-23},
  abstract = {PDF {\textbar} The diffusion of ink in water was investigated. Both stamp ink and Quink blue ink were chosen for the analysis. The displacement of the diffused... {\textbar} Find, read and cite all the research you need on ResearchGate},
  langid = {english}
}
@book{çengel2006mecánica,
  title = {Mec{\'a}nica de Fluidos},
  author = {{\c C}engel, Y.A.},
  year = {2012},
  edition = {2},
  publisher = {McGRAW-HILL/INTERAMERICANA EDITORES, S.A. DE C.V.},
  isbn = {978-970-10-5612-7},
  file = {/home/harkor/Zotero/storage/6TC73X3X/Çengel - 2006 - Mecánica de fluidos.pdf}
}
@book{reif2009fundamentals,
  title = {Fundamentals of Statistical and Thermal Physics},
  author = {Reif, F.},
  year = {2009},
  publisher = {Waveland Press},
  isbn = {978-1-4786-1005-2},
  file = {/home/harkor/Zotero/storage/IBY662F5/Reif - 2009 - Fundamentals of statistical and thermal physics.pdf}
}
@article{einsteinUberMolekularkinetischenTheorie1905,
  title = {{\"U}ber Die von Der Molekularkinetischen {{Theorie}} Der {{W{\"a}rme}} Geforderte {{Bewegung}} von in Ruhenden {{Fl{\"u}ssigkeiten}} Suspendierten {{Teilchen}}},
  author = {Einstein, A.},
  year = {1905},
  month = jan,
  journal = {Annalen der Physik},
  volume = {322},
  number = {8},
  pages = {549--560},
  issn = {0003-3804, 1521-3889},
  doi = {10.1002/andp.19053220806},
  urldate = {2025-04-23},
  langid = {english},
  file = {/home/harkor/Zotero/storage/BFS4SLKZ/Einstein - 1905 - Über die von der molekularkinetischen Theorie der Wärme geforderte Bewegung von in ruhenden Flüssigk.pdf}
}

@incollection{mehrerHistoryBibliographyDiffusion2007,
  title = {History and {{Bibliography}} of {{Diffusion}}},
  booktitle = {Diffusion in {{Solids}}: {{Fundamentals}}, {{Methods}}, {{Materials}}, {{Diffusion-Controlled Processes}}},
  editor = {Mehrer, Helmut},
  year = {2007},
  pages = {1--23},
  publisher = {Springer},
  address = {Berlin, Heidelberg},
  doi = {10.1007/978-3-540-71488-0_1},
  urldate = {2025-04-23},
  isbn = {978-3-540-71488-0},
  langid = {english}
}
